<record><leader>00000cas a22000007a 4500</leader><controlfield tag="001">28235159</controlfield><controlfield tag="008">930608d19uu19uutxu x ne      0    0eng d</controlfield><datafield ind1=" " ind2=" " tag="010"><subfield code="a">sn 93060186 </subfield></datafield><datafield ind1=" " ind2=" " tag="040"><subfield code="a">MQN</subfield><subfield code="b">eng</subfield><subfield code="c">MQN</subfield><subfield code="d">OCLCQ</subfield></datafield><datafield ind1=" " ind2=" " tag="019"><subfield code="a">226114795</subfield></datafield><datafield ind1=" " ind2=" " tag="042"><subfield code="a">msc</subfield></datafield><datafield ind1="0" ind2=" " tag="130"><subfield code="a">Apostolic faith (Fort Worth, Tex.)</subfield></datafield><datafield ind1="1" ind2="0" tag="245"><subfield code="a">Apostolic faith.</subfield></datafield><datafield ind1=" " ind2=" " tag="260"><subfield code="a">Fort Worth, Tex. :</subfield><subfield code="b">E.N. Bell</subfield></datafield><datafield ind1=" " ind2=" " tag="300"><subfield code="a">v.</subfield></datafield><datafield ind1=" " ind2=" " tag="310"><subfield code="a">Irregular</subfield></datafield><datafield ind1=" " ind2=" " tag="500"><subfield code="a">"Published as often as the Lord directs, and when he sends funds for the same."</subfield></datafield><datafield ind1=" " ind2=" " tag="500"><subfield code="a">Editor: E.N. Bell.</subfield></datafield><datafield ind1=" " ind2=" " tag="588"><subfield code="a">Description based on: Vol. 7, no. 1 (Feb. 11, 1911).</subfield></datafield><datafield ind1="1" ind2=" " tag="700"><subfield code="a">Bell, E. N.</subfield><subfield code="q">(Eudorus Neander),</subfield><subfield code="d">1866-1923.</subfield></datafield><datafield ind1=" " ind2=" " tag="752"><subfield code="a">United States</subfield><subfield code="b">Texas</subfield><subfield code="c">Tarrant</subfield><subfield code="d">Fort Worth.</subfield></datafield><datafield ind1="1" ind2=" " tag="029"><subfield code="a">AU@</subfield><subfield code="b">000025861329</subfield></datafield></record>